%YAML 1.1
%TAG !u! tag:unity3d.com,2011:
--- !u!243 &-9178127653861753675
AudioMixerGroupController:
  m_ObjectHideFlags: 0
  m_CorrespondingSourceObject: {fileID: 0}
  m_PrefabInstance: {fileID: 0}
  m_PrefabAsset: {fileID: 0}
  m_Name: SummerTimeSublime
  m_AudioMixer: {fileID: 24100000}
  m_GroupID: 114d2cb9c80410a41ac0832a8be65f50
  m_Children: []
  m_Volume: c9b28cd40b500da4daf192f5e676dbae
  m_Pitch: 99b72238b5435e042b8c676ae8a89eb7
  m_Send: 00000000000000000000000000000000
  m_Effects:
  - {fileID: -4143852557160487727}
  m_UserColorIndex: 0
  m_Mute: 0
  m_Solo: 0
  m_BypassEffects: 0
--- !u!244 &-8538634175700323710
AudioMixerEffectController:
  m_ObjectHideFlags: 3
  m_CorrespondingSourceObject: {fileID: 0}
  m_PrefabInstance: {fileID: 0}
  m_PrefabAsset: {fileID: 0}
  m_Name: 
  m_EffectID: 710c59a02a2b1b64da010c9cbc68b346
  m_EffectName: Attenuation
  m_MixLevel: fa22c2b82951e324080e65dfbba21a07
  m_Parameters: []
  m_SendTarget: {fileID: 0}
  m_EnableWetMix: 0
  m_Bypass: 0
--- !u!244 &-8196767240682048276
AudioMixerEffectController:
  m_ObjectHideFlags: 3
  m_CorrespondingSourceObject: {fileID: 0}
  m_PrefabInstance: {fileID: 0}
  m_PrefabAsset: {fileID: 0}
  m_Name: 
  m_EffectID: 267fb941ac0762644a429f28f3688bdd
  m_EffectName: Attenuation
  m_MixLevel: 628114c9ac7a84d41864c617dc3f87a6
  m_Parameters: []
  m_SendTarget: {fileID: 0}
  m_EnableWetMix: 0
  m_Bypass: 0
--- !u!244 &-7778965960777749182
AudioMixerEffectController:
  m_ObjectHideFlags: 3
  m_CorrespondingSourceObject: {fileID: 0}
  m_PrefabInstance: {fileID: 0}
  m_PrefabAsset: {fileID: 0}
  m_Name: 
  m_EffectID: bf112f79f8220f74f97c6279ec80ab31
  m_EffectName: Attenuation
  m_MixLevel: 26643598a40da394485e082c7191e74b
  m_Parameters: []
  m_SendTarget: {fileID: 0}
  m_EnableWetMix: 0
  m_Bypass: 0
--- !u!244 &-4143852557160487727
AudioMixerEffectController:
  m_ObjectHideFlags: 3
  m_CorrespondingSourceObject: {fileID: 0}
  m_PrefabInstance: {fileID: 0}
  m_PrefabAsset: {fileID: 0}
  m_Name: 
  m_EffectID: 362dea1f787748a4c93f2a21eaddf0e1
  m_EffectName: Attenuation
  m_MixLevel: 037fc2a591b506b46a84e6e2627bf528
  m_Parameters: []
  m_SendTarget: {fileID: 0}
  m_EnableWetMix: 0
  m_Bypass: 0
--- !u!243 &-2240963959379297448
AudioMixerGroupController:
  m_ObjectHideFlags: 0
  m_CorrespondingSourceObject: {fileID: 0}
  m_PrefabInstance: {fileID: 0}
  m_PrefabAsset: {fileID: 0}
  m_Name: Skateboard1
  m_AudioMixer: {fileID: 24100000}
  m_GroupID: c046d37ded2a6e04b80c605f2e31bdc1
  m_Children: []
  m_Volume: f084d373682147e419ba9558cc85dbab
  m_Pitch: d813e7afdc7705f4b8392083a74e5ce0
  m_Send: 00000000000000000000000000000000
  m_Effects:
  - {fileID: 2695173586630195257}
  m_UserColorIndex: 0
  m_Mute: 0
  m_Solo: 0
  m_BypassEffects: 0
--- !u!243 &-888001962805629960
AudioMixerGroupController:
  m_ObjectHideFlags: 0
  m_CorrespondingSourceObject: {fileID: 0}
  m_PrefabInstance: {fileID: 0}
  m_PrefabAsset: {fileID: 0}
  m_Name: Crowd3
  m_AudioMixer: {fileID: 24100000}
  m_GroupID: d04d3314adde13b43b069f7663b6242e
  m_Children: []
  m_Volume: 49ce4ded0c863134fa826460e7631451
  m_Pitch: 5e67daeb707acd24491fef34016a85c6
  m_Send: 00000000000000000000000000000000
  m_Effects:
  - {fileID: 7694475487621760656}
  m_UserColorIndex: 0
  m_Mute: 0
  m_Solo: 0
  m_BypassEffects: 0
--- !u!241 &24100000
AudioMixerController:
  m_ObjectHideFlags: 0
  m_CorrespondingSourceObject: {fileID: 0}
  m_PrefabInstance: {fileID: 0}
  m_PrefabAsset: {fileID: 0}
  m_Name: ChannelControl
  m_OutputGroup: {fileID: 0}
  m_MasterGroup: {fileID: 24300002}
  m_Snapshots:
  - {fileID: 24500006}
  - {fileID: 5689867906925389966}
  - {fileID: 1692858218091856577}
  m_StartSnapshot: {fileID: 1692858218091856577}
  m_SuspendThreshold: -80
  m_EnableSuspend: 1
  m_UpdateMode: 0
  m_ExposedParameters: []
  m_AudioMixerGroupViews:
  - guids:
    - 4e2569358fc710247a4cfe716c1335b3
    - c046d37ded2a6e04b80c605f2e31bdc1
    - 296bc821743b5d148905c746ce8232f5
    - fa1b5a7ff2f04ac4cac688be59854935
    - c174a7fb973fc9443bcaac3c2ea9ca70
    - d04d3314adde13b43b069f7663b6242e
    - d1ad52cebfd20b64296ec0da42bafc72
    - 114d2cb9c80410a41ac0832a8be65f50
    name: View
  m_CurrentViewIndex: 0
  m_TargetSnapshot: {fileID: 1692858218091856577}
--- !u!243 &24300002
AudioMixerGroupController:
  m_ObjectHideFlags: 0
  m_CorrespondingSourceObject: {fileID: 0}
  m_PrefabInstance: {fileID: 0}
  m_PrefabAsset: {fileID: 0}
  m_Name: Master
  m_AudioMixer: {fileID: 24100000}
  m_GroupID: 4e2569358fc710247a4cfe716c1335b3
  m_Children:
  - {fileID: -2240963959379297448}
  - {fileID: 8085618535609543009}
  - {fileID: 2435725204101032152}
  - {fileID: 7272531309040277560}
  - {fileID: -888001962805629960}
  - {fileID: 8283909145919564533}
  - {fileID: -9178127653861753675}
  m_Volume: 49c56e11761272649b58a6fc3d790a6d
  m_Pitch: 26062aed89812db478140676ecb235f8
  m_Send: 00000000000000000000000000000000
  m_Effects:
  - {fileID: 24400004}
  m_UserColorIndex: 0
  m_Mute: 0
  m_Solo: 0
  m_BypassEffects: 0
--- !u!244 &24400004
AudioMixerEffectController:
  m_ObjectHideFlags: 3
  m_CorrespondingSourceObject: {fileID: 0}
  m_PrefabInstance: {fileID: 0}
  m_PrefabAsset: {fileID: 0}
  m_Name: 
  m_EffectID: 8513e1fd315015343a936238b8752fc3
  m_EffectName: Attenuation
  m_MixLevel: 9d7544804da87a44b9e8b0ca74814cf9
  m_Parameters: []
  m_SendTarget: {fileID: 0}
  m_EnableWetMix: 0
  m_Bypass: 0
--- !u!245 &24500006
AudioMixerSnapshotController:
  m_ObjectHideFlags: 0
  m_CorrespondingSourceObject: {fileID: 0}
  m_PrefabInstance: {fileID: 0}
  m_PrefabAsset: {fileID: 0}
  m_Name: Snapshot
  m_AudioMixer: {fileID: 24100000}
  m_SnapshotID: 09c2afffc7097d343a9a8c51ac824a6b
  m_FloatValues:
    29112e12d64600d4e9145e531bcfde50: -19.928473
    7602ee258d5495c4690666b4d8eda575: -8.362404
    859e198641b8d1445975b7caa4380af6: -9.833286
    49ce4ded0c863134fa826460e7631451: -12.498478
  m_TransitionOverrides: {}
--- !u!244 &662325015638855541
AudioMixerEffectController:
  m_ObjectHideFlags: 3
  m_CorrespondingSourceObject: {fileID: 0}
  m_PrefabInstance: {fileID: 0}
  m_PrefabAsset: {fileID: 0}
  m_Name: 
  m_EffectID: 01f257eef64e03346b0cf17ded5db2c0
  m_EffectName: Attenuation
  m_MixLevel: 7641a22e9acc31f45a7a47475b8dc79d
  m_Parameters: []
  m_SendTarget: {fileID: 0}
  m_EnableWetMix: 0
  m_Bypass: 0
--- !u!245 &1692858218091856577
AudioMixerSnapshotController:
  m_ObjectHideFlags: 0
  m_CorrespondingSourceObject: {fileID: 0}
  m_PrefabInstance: {fileID: 0}
  m_PrefabAsset: {fileID: 0}
  m_Name: Outofhouse
  m_AudioMixer: {fileID: 24100000}
  m_SnapshotID: 565d1f2dae131af49b7f5e5d26a2922b
  m_FloatValues:
    29112e12d64600d4e9145e531bcfde50: -19.928473
    c9b28cd40b500da4daf192f5e676dbae: -58.283066
    7602ee258d5495c4690666b4d8eda575: -8.362404
    859e198641b8d1445975b7caa4380af6: -9.833286
    49ce4ded0c863134fa826460e7631451: -12.498478
  m_TransitionOverrides: {}
--- !u!243 &2435725204101032152
AudioMixerGroupController:
  m_ObjectHideFlags: 0
  m_CorrespondingSourceObject: {fileID: 0}
  m_PrefabInstance: {fileID: 0}
  m_PrefabAsset: {fileID: 0}
  m_Name: Crowd1
  m_AudioMixer: {fileID: 24100000}
  m_GroupID: fa1b5a7ff2f04ac4cac688be59854935
  m_Children: []
  m_Volume: 859e198641b8d1445975b7caa4380af6
  m_Pitch: ff9535ec0f4487f4296665139f73d542
  m_Send: 00000000000000000000000000000000
  m_Effects:
  - {fileID: -8196767240682048276}
  m_UserColorIndex: 0
  m_Mute: 0
  m_Solo: 0
  m_BypassEffects: 0
--- !u!244 &2695173586630195257
AudioMixerEffectController:
  m_ObjectHideFlags: 3
  m_CorrespondingSourceObject: {fileID: 0}
  m_PrefabInstance: {fileID: 0}
  m_PrefabAsset: {fileID: 0}
  m_Name: 
  m_EffectID: 0cd2c236a048e7b4889e7f6b2083ab76
  m_EffectName: Attenuation
  m_MixLevel: 74e02b12bfcf1e94bb30f39e27d226f5
  m_Parameters: []
  m_SendTarget: {fileID: 0}
  m_EnableWetMix: 0
  m_Bypass: 0
--- !u!245 &5689867906925389966
AudioMixerSnapshotController:
  m_ObjectHideFlags: 0
  m_CorrespondingSourceObject: {fileID: 0}
  m_PrefabInstance: {fileID: 0}
  m_PrefabAsset: {fileID: 0}
  m_Name: Inhouse
  m_AudioMixer: {fileID: 24100000}
  m_SnapshotID: 6dd369d590e13814a9b63148a8d0a756
  m_FloatValues:
    29112e12d64600d4e9145e531bcfde50: -60.40684
    f084d373682147e419ba9558cc85dbab: -52.100945
    7602ee258d5495c4690666b4d8eda575: -61.75006
    41777c4555de3bd43b20d08552000695: -56.19068
    859e198641b8d1445975b7caa4380af6: -60.40684
    49ce4ded0c863134fa826460e7631451: -59.34104
  m_TransitionOverrides: {}
--- !u!243 &7272531309040277560
AudioMixerGroupController:
  m_ObjectHideFlags: 0
  m_CorrespondingSourceObject: {fileID: 0}
  m_PrefabInstance: {fileID: 0}
  m_PrefabAsset: {fileID: 0}
  m_Name: Crowd2
  m_AudioMixer: {fileID: 24100000}
  m_GroupID: c174a7fb973fc9443bcaac3c2ea9ca70
  m_Children: []
  m_Volume: 29112e12d64600d4e9145e531bcfde50
  m_Pitch: 9577edb55754e9847b91a34b2626e55d
  m_Send: 00000000000000000000000000000000
  m_Effects:
  - {fileID: 662325015638855541}
  m_UserColorIndex: 0
  m_Mute: 0
  m_Solo: 0
  m_BypassEffects: 0
--- !u!244 &7694475487621760656
AudioMixerEffectController:
  m_ObjectHideFlags: 3
  m_CorrespondingSourceObject: {fileID: 0}
  m_PrefabInstance: {fileID: 0}
  m_PrefabAsset: {fileID: 0}
  m_Name: 
  m_EffectID: 20a88daac79824040bef547e515a9740
  m_EffectName: Attenuation
  m_MixLevel: d731188df8656cb49a64130afe7363e6
  m_Parameters: []
  m_SendTarget: {fileID: 0}
  m_EnableWetMix: 0
  m_Bypass: 0
--- !u!243 &8085618535609543009
AudioMixerGroupController:
  m_ObjectHideFlags: 0
  m_CorrespondingSourceObject: {fileID: 0}
  m_PrefabInstance: {fileID: 0}
  m_PrefabAsset: {fileID: 0}
  m_Name: Skateboard2
  m_AudioMixer: {fileID: 24100000}
  m_GroupID: 296bc821743b5d148905c746ce8232f5
  m_Children: []
  m_Volume: 41777c4555de3bd43b20d08552000695
  m_Pitch: 0b8d1b608a76b9b4bb94c7e314ec4d4d
  m_Send: 00000000000000000000000000000000
  m_Effects:
  - {fileID: -8538634175700323710}
  m_UserColorIndex: 0
  m_Mute: 0
  m_Solo: 0
  m_BypassEffects: 0
--- !u!243 &8283909145919564533
AudioMixerGroupController:
  m_ObjectHideFlags: 0
  m_CorrespondingSourceObject: {fileID: 0}
  m_PrefabInstance: {fileID: 0}
  m_PrefabAsset: {fileID: 0}
  m_Name: Crowd4
  m_AudioMixer: {fileID: 24100000}
  m_GroupID: d1ad52cebfd20b64296ec0da42bafc72
  m_Children: []
  m_Volume: 7602ee258d5495c4690666b4d8eda575
  m_Pitch: fbb47525ec773f6489c82632c0c67c7c
  m_Send: 00000000000000000000000000000000
  m_Effects:
  - {fileID: -7778965960777749182}
  m_UserColorIndex: 0
  m_Mute: 0
  m_Solo: 0
  m_BypassEffects: 0
